% Papers included in the thesis
% Paper I
@article{supervisor2020universal,
  title={Universal Solution Algorithm},
  author={Supervisor, Main and Doktorow, Doctor},
  journal={Journal of Mathematics},
  volume={1},
  number={1},
  pages={1--100},
  year={2020},
}

% Paper II
@article{researcher2021complete,
  title={Complete Theory of Everything},
  author={Researcher, Prestigious and Colleague, Esteemed and Doktorow, Doctor},
  journal={Journal of Solutions},
  volume={11},
  number={11},
  pages={101--200},
  year={2021},
}

% Paper III
@article{emeritus2023infinite,
  title={Infinite Complexity Reduction},
  author={Emeritus, Oldperson and Doktorow, Doctor},
  journal={Complexity Reduction Letters},
  volume={3},
  number={3},
  pages={201--300},
  year={2023},
}

% Paper IV
@article{doctorow2023multidimensional,
  title={Multidimensional Proof Generator},
  author={Doktorow, Doctor},
  journal={The journal of proving absolutely everything},
  volume={4},
    number={4},
    pages={301--400},
    year={2023},
}

% Books
@book{smith1987very,
  title={A very insightful book},
  author={Smith, John},
  year={1987},
  publisher={Old Prestigious Publisher},
  edition={2},
}

% Cited papers
@article{wang2019cutting,
  title={Cutting-edge research},
  author={Wang, Li},
  journal={Journal of Advanced Research},
  pages={1--10},
  volume = {1},
  number = {1},
  year={2019},
}
